%METROPOLIS ALGORITHM
@article{Metropolis:1953am,
      author         = "Metropolis, N. and Rosenbluth, A. W. and Rosenbluth, M.
                        N. and Teller, A. H. and Teller, E.",
      title          =  "{Equation of state calculations by fast computing
                        machines}",
      journal        = "J. Chem. Phys.",
      volume         = "21",
      year           = "1953",
      pages          =  "1087-1092",
      doi            = "10.1063/1.1699114",
      SLACcitation   = "%%CITATION = JCPSA,21,1087;%%"
}

%WILSON GAUGE ACTION	
@article{Wilson:1974sk,
      author         = "Wilson, Kenneth G.",
      title          = "{Confinement of Quarks}",
      journal        = "Phys. Rev.",
      volume         = "D10",
      year           = "1974",
      pages          = "2445-2459",
      doi            = "10.1103/PhysRevD.10.2445",
      note           = "[,319(1974)]",
      reportNumber   = "CLNS-262",
      SLACcitation   = "%%CITATION = PHRVA,D10,2445;%%"
}

%WILSON FERMIONS
@inproceedings{Wilson:1975id,
      author         = "Wilson, Kenneth G.",
      title          = "{Quarks and Strings on a Lattice}",
      booktitle      = "{New Phenomena in Subnuclear Physics: Proceedings,
                        International School of Subnuclear Physics, Erice, Sicily,
                        Jul 11-Aug 1 1975. Part A}",
      year           = "1975",
      pages          = "99",
      note           = "[,0069(1975)]",
      reportNumber   = "CLNS-321",
      SLACcitation   = "%%CITATION = CLNS-321;%%"
}

%FUNDAMENTAL PARTIAL COMPOSITENESS
@article{Sannino:2016sfx,
      author         = "Sannino, Francesco and Strumia, Alessandro and Tesi,
                        Andrea and Vigiani, Elena",
      title          = "{Fundamental partial compositeness}",
      journal        = "JHEP",
      volume         = "11",
      year           = "2016",
      pages          = "029",
      doi            = "10.1007/JHEP11(2016)029",
      eprint         = "1607.01659",
      archivePrefix  = "arXiv",
      primaryClass   = "hep-ph",
      reportNumber   = "CP3-ORIGINS-2016-027, EFI-16-15, CERN-TH-2016-148",
      SLACcitation   = "%%CITATION = ARXIV:1607.01659;%%"
}

%TRIVIALITY OF SCALAR FIELD THEORY
@article{Callaway:1988ya,
      author         = "Callaway, David J. E.",
      title          = "{Triviality Pursuit: Can Elementary Scalar Particles
                        Exist?}",
      journal        = "Phys. Rept.",
      volume         = "167",
      year           = "1988",
      pages          = "241",
      doi            = "10.1016/0370-1573(88)90008-7",
      reportNumber   = "RU-87-B1-20",
      SLACcitation   = "%%CITATION = PRPLC,167,241;%%"
}

%RUNNING OF THE SM HIGGS COUPLING
@article{Degrassi:2012ry,
      author         = "Degrassi, Giuseppe and Di Vita, Stefano and Elias-Miro,
                        Joan and Espinosa, Jose R. and Giudice, Gian F. and
                        Isidori, Gino and Strumia, Alessandro",
      title          = "{Higgs mass and vacuum stability in the Standard Model at
                        NNLO}",
      journal        = "JHEP",
      volume         = "08",
      year           = "2012",
      pages          = "098",
      doi            = "10.1007/JHEP08(2012)098",
      eprint         = "1205.6497",
      archivePrefix  = "arXiv",
      primaryClass   = "hep-ph",
      reportNumber   = "CERN-PH-TH-2012-134, RM3-TH-12-9",
      SLACcitation   = "%%CITATION = ARXIV:1205.6497;%%"
}


%TECHNICOLOR, SUSSKIND
@article{Susskind:1978ms,
      author         = "Susskind, Leonard",
      title          = "{Dynamics of Spontaneous Symmetry Breaking in the
                        Weinberg-Salam Theory}",
      journal        = "Phys. Rev.",
      volume         = "D20",
      year           = "1979",
      pages          = "2619-2625",
      doi            = "10.1103/PhysRevD.20.2619",
      reportNumber   = "SLAC-PUB-2142",
      SLACcitation   = "%%CITATION = PHRVA,D20,2619;%%"
}


%TECHNICOLOR, WEINBERG
@article{Weinberg:1975gm,
      author         = "Weinberg, Steven",
      title          = "{Implications of Dynamical Symmetry Breaking}",
      journal        = "Phys. Rev.",
      volume         = "D13",
      year           = "1976",
      pages          = "974-996",
      doi            = "10.1103/PhysRevD.19.1277, 10.1103/PhysRevD.13.974",
      note           = "[Addendum: Phys. Rev.D19,1277(1979)]",
      reportNumber   = "PRINT-75-0804 (HARVARD)",
      SLACcitation   = "%%CITATION = PHRVA,D13,974;%%"
}

%PESKIN AND SCHROEDER
@book{Peskin:1995ev,
      author         = "Peskin, Michael E. and Schroeder, Daniel V.",
      title          = "{An Introduction to quantum field theory}",
      publisher      = "Addison-Wesley",
      address        = "Reading, USA",
      year           = "1995",
      url            = "http://www.slac.stanford.edu/~mpeskin/QFT.html",
      ISBN           = "9780201503975, 0201503972",
      SLACcitation   = "%%CITATION = INSPIRE-407703;%%"
}

%COMPOSITE GOLDSTONE-HIGGS 1
@article{Kaplan:1983sm,
      author         = "Kaplan, David B. and Georgi, Howard and Dimopoulos,
                        Savas",
      title          = "{Composite Higgs Scalars}",
      journal        = "Phys. Lett.",
      volume         = "136B",
      year           = "1984",
      pages          = "187-190",
      doi            = "10.1016/0370-2693(84)91178-X",
      reportNumber   = "HUTP-83/A079",
      SLACcitation   = "%%CITATION = PHLTA,136B,187;%%"
}

%COMPOSITE GOLDSTONE-HIGGS 2
@article{Kaplan:1983fs,
      author         = "Kaplan, David B. and Georgi, Howard",
      title          = "{SU(2) x U(1) Breaking by Vacuum Misalignment}",
      journal        = "Phys. Lett.",
      volume         = "136B",
      year           = "1984",
      pages          = "183-186",
      doi            = "10.1016/0370-2693(84)91177-8",
      reportNumber   = "HUTP-83/A069",
      SLACcitation   = "%%CITATION = PHLTA,136B,183;%%"
}


%SU(2) FOR COMPOSITE HIGGS
@article{Cacciapaglia:2014uja,
      author         = "Cacciapaglia, Giacomo and Sannino, Francesco",
      title          = "{Fundamental Composite (Goldstone) Higgs Dynamics}",
      journal        = "JHEP",
      volume         = "04",
      year           = "2014",
      pages          = "111",
      doi            = "10.1007/JHEP04(2014)111",
      eprint         = "1402.0233",
      archivePrefix  = "arXiv",
      primaryClass   = "hep-ph",
      reportNumber   = "CP3-ORIGINS-2014-003-DNRF90, DIAS-2014-3, LYCEN-2014-02",
      SLACcitation   = "%%CITATION = ARXIV:1402.0233;%%"
}


%WALKING TECHNICOLOR 1
@article{Holdom:1981rm,
      author         = "Holdom, Bob",
      title          = "{Raising the Sideways Scale}",
      journal        = "Phys. Rev.",
      volume         = "D24",
      year           = "1981",
      pages          = "1441",
      doi            = "10.1103/PhysRevD.24.1441",
      reportNumber   = "HUTP-81-A025",
      SLACcitation   = "%%CITATION = PHRVA,D24,1441;%%"
}

%WALKING TECHNICOLOR 2
@article{Yamawaki:1985zg,
      author         = "Yamawaki, Koichi and Bando, Masako and Matumoto, Ken-iti",
      title          = "{Scale Invariant Technicolor Model and a Technidilaton}",
      journal        = "Phys. Rev. Lett.",
      volume         = "56",
      year           = "1986",
      pages          = "1335",
      doi            = "10.1103/PhysRevLett.56.1335",
      reportNumber   = "DPNU-85-47",
      SLACcitation   = "%%CITATION = PRLTA,56,1335;%%"
}


%WALKING TECHNICOLOR 3
@article{Dietrich:2005jn,
      author         = "Dietrich, Dennis D. and Sannino, Francesco and Tuominen,
                        Kimmo",
      title          = "{Light composite Higgs from higher representations versus
                        electroweak precision measurements: Predictions for CERN
                        LHC}",
      journal        = "Phys. Rev.",
      volume         = "D72",
      year           = "2005",
      pages          = "055001",
      doi            = "10.1103/PhysRevD.72.055001",
      eprint         = "hep-ph/0505059",
      archivePrefix  = "arXiv",
      primaryClass   = "hep-ph",
      SLACcitation   = "%%CITATION = HEP-PH/0505059;%%"
}


%WALKING TECHNICOLOR 4
@article{Appelquist:2010gy,
      author         = "Appelquist, Thomas and Bai, Yang",
      title          = "{A Light Dilaton in Walking Gauge Theories}",
      journal        = "Phys. Rev.",
      volume         = "D82",
      year           = "2010",
      pages          = "071701",
      doi            = "10.1103/PhysRevD.82.071701",
      eprint         = "1006.4375",
      archivePrefix  = "arXiv",
      primaryClass   = "hep-ph",
      reportNumber   = "FERMILAB-PUB-10-002-T",
      SLACcitation   = "%%CITATION = ARXIV:1006.4375;%%"
}


%SU(2) LATTICE
@article{Arthur:2016dir,
      author         = "Arthur, Rudy and Drach, Vincent and Hansen, Martin and
                        Hietanen, Ari and Pica, Claudio and Sannino, Francesco",
      title          = "{SU(2) gauge theory with two fundamental flavors: A
                        minimal template for model building}",
      journal        = "Phys. Rev.",
      volume         = "D94",
      year           = "2016",
      number         = "9",
      pages          = "094507",
      doi            = "10.1103/PhysRevD.94.094507",
      eprint         = "1602.06559",
      archivePrefix  = "arXiv",
      primaryClass   = "hep-lat",
      reportNumber   = "CP3-ORIGINS-2016-006-DNRF90, DIAS-2016-6,
                        CERN-TH-2016-037",
      SLACcitation   = "%%CITATION = ARXIV:1602.06559;%%"
}


%SU(2) WITH FARMIONS AND SCALARS
@article{Hansen:2017mrt,
      author         = "Hansen, Martin and Janowski, Tadeusz and Pica, Claudio
                        and Toniato, Arianna",
      title          = "{SU(2) with fundamental fermions and scalars}",
      booktitle      = "{Proceedings, 35th International Symposium on Lattice
                        Field Theory (Lattice 2017): Granada, Spain, June 18-24,
                        2017}",
      journal        = "EPJ Web Conf.",
      volume         = "175",
      year           = "2018",
      pages          = "08010",
      doi            = "10.1051/epjconf/201817508010",
      eprint         = "1710.10831",
      archivePrefix  = "arXiv",
      primaryClass   = "hep-lat",
      SLACcitation   = "%%CITATION = ARXIV:1710.10831;%%"
}


%EXTENDED TECHNICOLOR 1
@article{Dimopoulos:1979es,
      author         = "Dimopoulos, Savas and Susskind, Leonard",
      title          = "{Mass Without Scalars}",
      booktitle      = "{Proceedings: International Conference on High Energy
                        Physics, Geneva, Switzerland, Jun 27 - Jul 4, 1979: In 2
                        volumes}",
      journal        = "Nucl. Phys.",
      volume         = "B155",
      year           = "1979",
      pages          = "237-252",
      doi            = "10.1016/0550-3213(79)90364-X",
      note           = "[2,930(1979)]",
      reportNumber   = "CU-TP-147, ITP-626-STANFORD",
      SLACcitation   = "%%CITATION = NUPHA,B155,237;%%"
}


%EXTENDED TECHNICOLOR 2
@article{Eichten:1979ah,
      author         = "Eichten, Estia and Lane, Kenneth D.",
      title          = "{Dynamical Breaking of Weak Interaction Symmetries}",
      journal        = "Phys. Lett.",
      volume         = "90B",
      year           = "1980",
      pages          = "125-130",
      doi            = "10.1016/0370-2693(80)90065-9",
      reportNumber   = "HUTP-79-A062",
      SLACcitation   = "%%CITATION = PHLTA,90B,125;%%"
}

%PARTIAL COMPOSITENESS
@article{Kaplan:1991dc,
      author         = "Kaplan, David B.",
      title          = "{Flavor at SSC energies: A New mechanism for dynamically
                        generated fermion masses}",
      journal        = "Nucl. Phys.",
      volume         = "B365",
      year           = "1991",
      pages          = "259-278",
      doi            = "10.1016/S0550-3213(05)80021-5",
      reportNumber   = "UCSD-PTH-91-04",
      SLACcitation   = "%%CITATION = NUPHA,B365,259;%%"
}

%ON LARGE ANOMALOUS DIMENSIONS
 @article{Pica:2016rmv,
      author         = "Pica, Claudio and Sannino, Francesco",
      title          = "{Anomalous Dimensions of Conformal Baryons}",
      journal        = "Phys. Rev.",
      volume         = "D94",
      year           = "2016",
      number         = "7",
      pages          = "071702",
      doi            = "10.1103/PhysRevD.94.071702",
      eprint         = "1604.02572",
      archivePrefix  = "arXiv",
      primaryClass   = "hep-ph",
      reportNumber   = "CP3-ORIGINS-2016-019-DNRF90, DIAS-2016-19",
      SLACcitation   = "%%CITATION = ARXIV:1604.02572;%%"
}


%FUNDAMENTAL PARTIAL COMPOSITENESS, EFFECTIVE FIELD THEORY
@article{Cacciapaglia:2017cdi,
      author         = "Cacciapaglia, Giacomo and Gertov, Helene and Sannino,
                        Francesco and Thomsen, Anders Eller",
      title          = "{Minimal Fundamental Partial Compositeness}",
      journal        = "Phys. Rev.",
      volume         = "D98",
      year           = "2018",
      number         = "1",
      pages          = "015006",
      doi            = "10.1103/PhysRevD.98.015006",
      eprint         = "1704.07845",
      archivePrefix  = "arXiv",
      primaryClass   = "hep-ph",
      reportNumber   = "CP3-ORIGINS-2017-016-DNRF90, CERN-TH-2017-093,
                        LYCEN-2017-04,
                        CP3-ORIGINS-2017-016-DNRF90-&-LYCEN-2017-04-&-CERN-TH-2017-093",
      SLACcitation   = "%%CITATION = ARXIV:1704.07845;%%"
}


%FUNDAMENTAL PARTIAL COMPOSITENESS, FLAVOUR PHYSICS
@article{Sannino:2017utc,
      author         = "Sannino, Francesco and Stangl, Peter and Straub, David M.
                        and Thomsen, Anders Eller",
      title          = "{Flavor Physics and Flavor Anomalies in Minimal
                        Fundamental Partial Compositeness}",
      journal        = "Phys. Rev.",
      volume         = "D97",
      year           = "2018",
      number         = "11",
      pages          = "115046",
      doi            = "10.1103/PhysRevD.97.115046",
      eprint         = "1712.07646",
      archivePrefix  = "arXiv",
      primaryClass   = "hep-ph",
      reportNumber   = "CP3 -Origins-2017-058",
      SLACcitation   = "%%CITATION = ARXIV:1712.07646;%%"
}


%COMPLETE ASYMPTOTIC FREEDOM
@article{Hansen:2017pwe,
      author         = "Hansen, Frederik F. and Janowski, Tadeusz and Lang{\ae}ble,
                        Kasper and Mann, Robert B. and Sannino, Francesco and
                        Steele, Tom G. and Wang, Zhi-Wei",
      title          = "{Phase structure of complete asymptotically free
                        SU($N_c$) theories with quarks and scalar quarks}",
      journal        = "Phys. Rev.",
      volume         = "D97",
      year           = "2018",
      number         = "6",
      pages          = "065014",
      doi            = "10.1103/PhysRevD.97.065014",
      eprint         = "1706.06402",
      archivePrefix  = "arXiv",
      primaryClass   = "hep-ph",
      reportNumber   = "CP3-ORIGINS-2017-022-DNRF90, CERN-TH-2017-133",
      SLACcitation   = "%%CITATION = ARXIV:1706.06402;%%"
}


%HiRep
@article{DelDebbio:2008zf,
      author         = "Del Debbio, Luigi and Patella, Agostino and Pica,
                        Claudio",
      title          = "{Higher representations on the lattice: Numerical
                        simulations. SU(2) with adjoint fermions}",
      journal        = "Phys. Rev.",
      volume         = "D81",
      year           = "2010",
      pages          = "094503",
      doi            = "10.1103/PhysRevD.81.094503",
      eprint         = "0805.2058",
      archivePrefix  = "arXiv",
      primaryClass   = "hep-lat",
      reportNumber   = "NI08019, BNL-NT-08-15, CP3-ORIGINS-2010-15",
      SLACcitation   = "%%CITATION = ARXIV:0805.2058;%%"
}


%OMELYAN 1
@article{PhysRevE.65.056706,
  title = {Optimized Verlet-like algorithms for molecular dynamics simulations},
  author = {Omelyan, I. P. and Mryglod, I. M. and Folk, R.},
  journal = {Phys. Rev. E},
  volume = {65},
  issue = {5},
  pages = {056706},
  numpages = {5},
  year = {2002},
  month = {May},
  publisher = {American Physical Society},
  doi = {10.1103/PhysRevE.65.056706},
  url = {https://link.aps.org/doi/10.1103/PhysRevE.65.056706}
}

%OMELYAN 2
@article{OMELYAN2003272,
title = "Symplectic analytically integrable decomposition algorithms: classification, derivation, and application to molecular dynamics, quantum and celestial mechanics simulations",
journal = "Computer Physics Communications",
volume = "151",
number = "3",
pages = "272 - 314",
year = "2003",
issn = "0010-4655",
doi = "https://doi.org/10.1016/S0010-4655(02)00754-3",
url = "http://www.sciencedirect.com/science/article/pii/S0010465502007543",
author = "I.P. Omelyan and I.M. Mryglod and R. Folk",
keywords = "Decomposition method, Symplectic integration, Order conditions, Molecular dynamics, Celestial mechanics, Time-dependent potentials, Time-dependent Schrödinger equation"
}


%GAUGE-DEPENDENT ORDER PARAMETERS
@article{Caudy:2007sf,
      author         = "Caudy, W. and Greensite, J.",
      title          = "{On the ambiguity of spontaneously broken gauge
                        symmetry}",
      journal        = "Phys. Rev.",
      volume         = "D78",
      year           = "2008",
      pages          = "025018",
      doi            = "10.1103/PhysRevD.78.025018",
      eprint         = "0712.0999",
      archivePrefix  = "arXiv",
      primaryClass   = "hep-lat",
      SLACcitation   = "%%CITATION = ARXIV:0712.0999;%%"
}


%CONFORMAL WINDOW
@article{Sannino:2008ha,
      author         = "Sannino, Francesco",
      title          = "{Dynamical Stabilization of the Fermi Scale: Phase
                        Diagram of Strongly Coupled Theories for (Minimal) Walking
                        Technicolor and Unparticles}",
      year           = "2008",
      eprint         = "0804.0182",
      archivePrefix  = "arXiv",
      primaryClass   = "hep-ph",
      SLACcitation   = "%%CITATION = ARXIV:0804.0182;%%"
}


%TRANSPORT COEFFICIENTS IN THE CONFORMAL WINDOW
@article{Toniato:2016twr,
      author         = "Toniato, Arianna and Sannino, Francesco and Rischke, Dirk
                        H.",
      title          = "{Viscous Conformal Gauge Theories}",
      journal        = "Phys. Rev.",
      volume         = "D96",
      year           = "2017",
      number         = "1",
      pages          = "016020",
      doi            = "10.1103/PhysRevD.96.016020",
      eprint         = "1612.02052",
      archivePrefix  = "arXiv",
      primaryClass   = "hep-ph",
      SLACcitation   = "%%CITATION = ARXIV:1612.02052;%%"
}


%AYM 1
@article{Arnold:2000dr,
      author         = "Arnold, Peter Brockway and Moore, Guy D. and Yaffe,
                        Laurence G.",
      title          = "{Transport coefficients in high temperature gauge
                        theories. 1. Leading log results}",
      journal        = "JHEP",
      volume         = "11",
      year           = "2000",
      pages          = "001",
      doi            = "10.1088/1126-6708/2000/11/001",
      eprint         = "hep-ph/0010177",
      archivePrefix  = "arXiv",
      primaryClass   = "hep-ph",
      reportNumber   = "UW-PT-00-15",
      SLACcitation   = "%%CITATION = HEP-PH/0010177;%%"
}


%AYM 2
@article{Arnold:2003zc,
      author         = "Arnold, Peter Brockway and Moore, Guy D and Yaffe,
                        Laurence G.",
      title          = "{Transport coefficients in high temperature gauge
                        theories. 2. Beyond leading log}",
      journal        = "JHEP",
      volume         = "05",
      year           = "2003",
      pages          = "051",
      doi            = "10.1088/1126-6708/2003/05/051",
      eprint         = "hep-ph/0302165",
      archivePrefix  = "arXiv",
      primaryClass   = "hep-ph",
      SLACcitation   = "%%CITATION = HEP-PH/0302165;%%"
}

%GUY MOORE
@misc{privcommGDM,
  author = "Moore, Guy D",
  date = "2016",
  howpublished = "Private communication",
}

%BANKS ZAKS
@article{Banks:1981nn,
      author         = "Banks, Tom and Zaks, A.",
      title          = "{On the Phase Structure of Vector-Like Gauge Theories
                        with Massless Fermions}",
      journal        = "Nucl. Phys.",
      volume         = "B196",
      year           = "1982",
      pages          = "189-204",
      doi            = "10.1016/0550-3213(82)90035-9",
      reportNumber   = "TAUP-944-81",
      SLACcitation   = "%%CITATION = NUPHA,B196,189;%%"
}


%LATTICE CONFORMAL WINDOW 1
@article{Hietanen:2008mr,
      author         = "Hietanen, Ari J. and Rantaharju, Jarno and Rummukainen,
                        Kari and Tuominen, Kimmo",
      title          = "{Spectrum of SU(2) lattice gauge theory with two adjoint
                        Dirac flavours}",
      journal        = "JHEP",
      volume         = "05",
      year           = "2009",
      pages          = "025",
      doi            = "10.1088/1126-6708/2009/05/025",
      eprint         = "0812.1467",
      archivePrefix  = "arXiv",
      primaryClass   = "hep-lat",
      SLACcitation   = "%%CITATION = ARXIV:0812.1467;%%"
}


%LATTICE CONFORMAL WINDOW 2
@article{Hansen:2017ejh,
      author         = "Hansen, Martin and Drach, Vincent and Pica, Claudio",
      title          = "{SU(3) sextet model with Wilson fermions}",
      journal        = "Phys. Rev.",
      volume         = "D96",
      year           = "2017",
      number         = "3",
      pages          = "034518",
      doi            = "10.1103/PhysRevD.96.034518",
      eprint         = "1705.11010",
      archivePrefix  = "arXiv",
      primaryClass   = "hep-lat",
      reportNumber   = "CP3-ORIGINS-2017-019-DNRF90",
      SLACcitation   = "%%CITATION = ARXIV:1705.11010;%%"
}


%LANDAU LIFSHITZ
@book{landau2013fluid,
  title={Fluid Mechanics},
  author={Landau, L.D. and Lifshitz, E.M.},
  number={v. 6},
  isbn={9781483140506},
  url={https://books.google.dk/books?id=CeBbAwAAQBAJ},
  year={2013},
  publisher={Elsevier Science}
}


%FREE ENERGY OF A HOT GAUGE THEORY
@article{Kajantie:2002wa,
      author         = "Kajantie, K. and Laine, M. and Rummukainen, K. and
                        Schroder, Y.",
      title          = "{The Pressure of hot QCD up to g6 ln(1/g)}",
      journal        = "Phys. Rev.",
      volume         = "D67",
      year           = "2003",
      pages          = "105008",
      doi            = "10.1103/PhysRevD.67.105008",
      eprint         = "hep-ph/0211321",
      archivePrefix  = "arXiv",
      primaryClass   = "hep-ph",
      reportNumber   = "CERN-TH-2002-334, HIP-2002-62-TH, MIT-CTP-3325",
      SLACcitation   = "%%CITATION = HEP-PH/0211321;%%"
}


%FREE ENERGY, CONFORMAL WINDOW
@article{Mojaza:2010cm,
      author         = "Mojaza, Matin and Pica, Claudio and Sannino, Francesco",
      title          = "{Hot Conformal Gauge Theories}",
      journal        = "Phys. Rev.",
      volume         = "D82",
      year           = "2010",
      pages          = "116009",
      doi            = "10.1103/PhysRevD.82.116009",
      eprint         = "1010.4798",
      archivePrefix  = "arXiv",
      primaryClass   = "hep-ph",
      reportNumber   = "CP3-ORIGINS-2010-45",
      SLACcitation   = "%%CITATION = ARXIV:1010.4798;%%"
}


%AdS-CFT BOUND, VISCOSITY
@article{Kovtun:2004de,
      author         = "Kovtun, P. and Son, Dan T. and Starinets, Andrei O.",
      title          = "{Viscosity in strongly interacting quantum field theories
                        from black hole physics}",
      journal        = "Phys. Rev. Lett.",
      volume         = "94",
      year           = "2005",
      pages          = "111601",
      doi            = "10.1103/PhysRevLett.94.111601",
      eprint         = "hep-th/0405231",
      archivePrefix  = "arXiv",
      primaryClass   = "hep-th",
      reportNumber   = "INT-PUB-04-09, UW-PT-04-04",
      SLACcitation   = "%%CITATION = HEP-TH/0405231;%%"
}

%PERTURBATIVE CONFORMAL WINDOW 1
@article{Pica:2010mt,
      author         = "Pica, Claudio and Sannino, Francesco",
      title          = "{Beta Function and Anomalous Dimensions}",
      journal        = "Phys. Rev.",
      volume         = "D83",
      year           = "2011",
      pages          = "116001",
      doi            = "10.1103/PhysRevD.83.116001",
      eprint         = "1011.3832",
      archivePrefix  = "arXiv",
      primaryClass   = "hep-ph",
      reportNumber   = "CP3-ORIGINS-2010-50",
      SLACcitation   = "%%CITATION = ARXIV:1011.3832;%%"
}


%PERTURBATIVE CONFORMAL WINDOW 2
@article{Pica:2010xq,
      author         = "Pica, Claudio and Sannino, Francesco",
      title          = "{UV and IR Zeros of Gauge Theories at The Four Loop Order
                        and Beyond}",
      journal        = "Phys. Rev.",
      volume         = "D83",
      year           = "2011",
      pages          = "035013",
      doi            = "10.1103/PhysRevD.83.035013",
      eprint         = "1011.5917",
      archivePrefix  = "arXiv",
      primaryClass   = "hep-ph",
      reportNumber   = "CP3-ORIGINS-2010-51",
      SLACcitation   = "%%CITATION = ARXIV:1011.5917;%%"
}



%PERTURBATIVE CONFORMAL WINDOW 3
@article{Ryttov:2010iz,
      author         = "Ryttov, Thomas A. and Shrock, Robert",
      title          = "{Higher-Loop Corrections to the Infrared Evolution of a
                        Gauge Theory with Fermions}",
      journal        = "Phys. Rev.",
      volume         = "D83",
      year           = "2011",
      pages          = "056011",
      doi            = "10.1103/PhysRevD.83.056011",
      eprint         = "1011.4542",
      archivePrefix  = "arXiv",
      primaryClass   = "hep-ph",
      reportNumber   = "YITP-SB-10-37",
      SLACcitation   = "%%CITATION = ARXIV:1011.4542;%%"
}


%PERTURBATIVE CONFORMAL WINDOW 4
@article{Ryttov:2016ner,
      author         = "Ryttov, Thomas A. and Shrock, Robert",
      title          = "{Infrared Zero of $\beta$ and Value of $\gamma_m$ for an
                        SU(3) Gauge Theory at the Five-Loop Level}",
      journal        = "Phys. Rev.",
      volume         = "D94",
      year           = "2016",
      number         = "10",
      pages          = "105015",
      doi            = "10.1103/PhysRevD.94.105015",
      eprint         = "1607.06866",
      archivePrefix  = "arXiv",
      primaryClass   = "hep-th",
      reportNumber   = "YITP-SB-2016-28, CP3-ORIGINS-2016-033-DNRF90",
      SLACcitation   = "%%CITATION = ARXIV:1607.06866;%%"
}